@online{tpil4,
  author = {Jeremy Avigad and Leonardo de Moura and Soonho Kong and
    Sebastian Ullrich},
  year   = {2022},
  title  = {Theorem Proving in Lean},
  note   = {Last modified August 22, 2022},
  url    = {https://leanprover.github.io/theorem_proving_in_lean4/title_page.html},
}

@online{hoskinson,
  author = {{Carnegie Mellon University}},
  year   = {2021},
  title  = {Carnegie Mellon Receives {\$}20 Million to Establish Hoskinson Center
            for Formal Mathematics in Dietrich College},
  note   = {Last modified September 22, 2021},
  url    = {https://www.cmu.edu/news/stories/archives/2021/september/hoskinson-center-for-formal-mathematics.html},
}

@book{texbook,
  author = {Donald E. Knuth},
  year = {1986},
  title = {The {\TeX} Book},
  publisher = {Addison-Wesley Professional}
}

@book{latex:companion,
  author = {Frank Mittelbach and Michel Gossens
  and Johannes Braams and David Carlisle
  and Chris Rowley},
  year = {2004},
  title = {The {\LaTeX} Companion},
  publisher = {Addison-Wesley Professional},
  edition = {2}
}

@book{latex2e,
  author = {Leslie Lamport},
  year = {1994},
  title = {{\LaTeX}: 문서 Preparation System},
  publisher = {Addison Wesley},
  address = {Massachusetts},
  edition = {2}
}

@article{knuth:1984,
  title={Literate Programming},
  author={Donald E. Knuth},
  journal={The Computer Journal},
  volume={27},
  number={2},
  pages={97--111},
  year={1984},
  publisher={Oxford University Press}
}

@inproceedings{lesk:1977,
  title={Computer Typesetting of Technical Journals on {UNIX}},
  author={Michael Lesk and Brian Kernighan},
  booktitle={Proceedings of American Federation of
   Information Processing Societies: 1977
   National Computer Conference},
  pages={879--888},
  year={1977},
  address={Dallas, Texas}
}